<collection xmlns="http://www.loc.gov/MARC21/slim">
<record>
  <leader>01723nam0a2200253 i 450 </leader>
  <controlfield tag="001">IT\ICCU\CNCE\062426</controlfield>
  <controlfield tag="005">20131004000000.0</controlfield>
  <datafield tag="012" ind1=" " ind2=" ">
    <subfield code="a">n-ue a:la aeon asci (C) 1570 (R)</subfield>
    <subfield code="2">fei</subfield>
  </datafield>
  <datafield tag="100" ind1=" " ind2=" ">
    <subfield code="a">20051110d1570        0itac0103    ba</subfield>
  </datafield>
  <datafield tag="101" ind1=" " ind2=" ">
    <subfield code="a">ITA</subfield>
  </datafield>
  <datafield tag="102" ind1=" " ind2=" ">
    <subfield code="a">IT</subfield>
  </datafield>
  <datafield tag="200" ind1="1" ind2=" ">
    <subfield code="a">Trattato, delle cose notabili, che son in Venetia, quale con ogni verit ̉fidelmente si descriuono: vsanze antiche. Habiti, &amp; uestiti. Huomini uirtuosi. Pittori, &amp; pitture. Scultori, &amp; lor opere. Fabriche, &amp; palazzi. Prencipi, &amp; uita loro. Numero de i magistrati. Tutti li corpi santi. Numero delle parocchie. Con la origine di essa citt,̉ &amp; un summario di tutte le guerre fatte dal 1496 fino al tempo presente</subfield>
  </datafield>
  <datafield tag="210" ind1=" " ind2=" ">
    <subfield code="a">\Venezia</subfield>
    <subfield code="c">Vincenzo Viani e Bernardino Viani il giovane!</subfield>
    <subfield code="e">In Venetia</subfield>
    <subfield code="g">per Vicenzo</subfield>
    <subfield code="h">Viano et Bernardin fratelli</subfield>
    <subfield code="h">1570</subfield>
  </datafield>
  <datafield tag="215" ind1=" " ind2=" ">
    <subfield code="a">\56! c.</subfield>
    <subfield code="d">8ʻ</subfield>
  </datafield>
  <datafield tag="300" ind1=" " ind2=" ">
    <subfield code="a">Per l&apos;autore cfr.: G. Melzi, Dizionario di opere anonime e pseudonime di scrittori italiani o come che sia aventi relazione all&apos;Italia, v. I, p. 260</subfield>
  </datafield>
  <datafield tag="620" ind1=" " ind2=" ">
    <subfield code="a">IT</subfield>
    <subfield code="d">Venezia</subfield>
  </datafield>
  <datafield tag="700" ind1=" " ind2="1">
    <subfield code="a">Sansovino,</subfield>
    <subfield code="b">Francesco</subfield>
    <subfield code="3">IT\ICCU\CNCA\000140</subfield>
  </datafield>
  <datafield tag="712" ind1="0" ind2="0">
    <subfield code="a">Viani, Vincenzo &amp; Viani, Bernardino &lt;2.&gt;</subfield>
    <subfield code="3">IT\ICCU\CNCT\000882</subfield>
    <subfield code="4">650</subfield>
  </datafield>
  <datafield tag="790" ind1=" " ind2="1">
    <subfield code="a">Tatti,</subfield>
    <subfield code="b">Giovanni</subfield>
    <subfield code="3">IT\ICCU\CNCA\018531</subfield>
    <subfield code="z">Sansovino, Francesco</subfield>
  </datafield>
  <datafield tag="790" ind1=" " ind2="1">
    <subfield code="a">Guisconi,</subfield>
    <subfield code="b">Anselmo</subfield>
    <subfield code="3">IT\ICCU\CNCA\026417</subfield>
    <subfield code="z">Sansovino, Francesco</subfield>
  </datafield>
  <datafield tag="801" ind1=" " ind2="3">
    <subfield code="a">IT</subfield>
    <subfield code="b">ICCU</subfield>
    <subfield code="c">20201115</subfield>
  </datafield>
  <datafield tag="899" ind1=" " ind2=" ">
    <subfield code="a">Biblioteca  Panizzi. Reggio Emilia</subfield>
    <subfield code="1">RE0052</subfield>
    <subfield code="2">RE2 PA</subfield>
  </datafield>
  <datafield tag="911" ind1=" " ind2=" ">
    <subfield code="a">Sul front.</subfield>
    <subfield code="9">IT\ICCU\CNCM\002142</subfield>
  </datafield>
  <datafield tag="921" ind1=" " ind2=" ">
    <subfield code="a">IT\ICCU\CNCM\002142</subfield>
    <subfield code="b">Virt ̮(donna in piedi con un ramo d&apos;olivo nella destra in paesaggio montano). In basso a sinistra iniziali B.V.F. In cornice figurata.</subfield>
    <subfield code="e">Virtus est firma possessio</subfield>
    <subfield code="c">U680</subfield>
    <subfield code="f">VIRTU&apos;</subfield>
    <subfield code="f">DONNA</subfield>
    <subfield code="f">RAMO</subfield>
    <subfield code="f">VIRTUSEST</subfield>
    <subfield code="g">[non prima del 1544]-1600</subfield>
  </datafield>
</record>
</collection>
